@article{mello2013demand,
  title={Demand and Supply Integration: The Key to World-Class Demand Forecasting by Mark A. Moon},
  author={Mello, John and others},
  journal={Foresight: The International Journal of Applied Forecasting},
  number={31},
  pages={35--37},
  year={2013},
  publisher={International Institute of Forecasters}
}

@inproceedings{zulkepli2015demand,
  title={Demand forecasting for automotive sector in Malaysia by system dynamics approach},
  author={Zulkepli, Jafri and Fong, Chan Hwa and Abidin, Norhaslinda Zainal},
  booktitle={AIP Conference Proceedings},
  volume={1691},
  number={1},
  pages={030031},
  year={2015},
  organization={AIP Publishing LLC}
}

@inproceedings{tratar2019forecasting,
  title={Forecasting methods in engineering},
  author={Tratar, LF and Strm{\v{c}}nik, E},
  booktitle={IOP Conference Series: Materials Science and Engineering},
  volume={657},
  number={1},
  pages={012027},
  year={2019},
  organization={IOP Publishing}
}

@misc{eu2050,
title = {{European Commission Climate action, roadmap for moving to a low-carbon economy in 2050}},
note = {on-line at: \url{https://ec.europa.eu/clima/sites/clima/files/strategies/2050/docs/roadmap_fact_sheet_en.pdf}},
     author = {European Commission},
     year = {2013}
}

@article{henkelmann2018deep,
  title={A deep learning based approach for automotive spare part demand forecasting},
  author={Henkelmann, Robby},
  journal={Otto von Guericke Universitat Magdeburg},
  year={2018}
}

@article{choi2020forecasting,
  title={Forecasting Spare Parts Demand of Military Aircraft: Comparisons of Data Mining Techniques and Managerial Features from the Case of South Korea},
  author={Choi, Boram and Suh, Jong Hwan},
  journal={Sustainability},
  volume={12},
  number={15},
  pages={6045},
  year={2020},
  publisher={Multidisciplinary Digital Publishing Institute}
}

@article{faccio2010forecasting,
  title={Forecasting methods for spare parts demand},
  author={Faccio, M and Sgarbossa, F and Callegaro, A},
  journal={Italy: Universita’Degli Studi di Padova},
  pages={6},
  year={2010}
}

@article{zunic2020application,
  title={Application of facebook's prophet algorithm for successful sales forecasting based on real-world data},
  author={Zunic, Emir and Korjenic, Kemal and Hodzic, Kerim and Donko, Dzenana},
  journal={arXiv preprint arXiv:2005.07575},
  year={2020}
}

@article{saravanan2019forecasting,
  title={Forecasting Techniques for Sales of Spare Parts},
  author={Saravanan, AM and Anbuudayasankar, SP and David, P Arul William},
  journal={International Journal of Recent Technology and Engineering},
  volume={8},
  number={3},
  pages={27--30},
  year={2019}
}

@article{taylor2018forecasting,
  title={Forecasting at scale},
  author={Taylor, Sean J and Letham, Benjamin},
  journal={The American Statistician},
  volume={72},
  number={1},
  pages={37--45},
  year={2018},
  publisher={Taylor \& Francis}
}

@article{vargas2017automobile,
  title={Automobile spare-parts forecasting: A comparative study of time series methods},
  author={Vargas, CA Gonz{\'a}lez and Cort{\'e}s, M Elizondo},
  journal={International Journal of Automotive and Mechanical Engineering},
  volume={14},
  pages={3898--3912},
  year={2017},
  publisher={Universiti Malaysia Pahang}
}

@book{hyndman2018forecasting,
  title={Forecasting: principles and practice},
  author={Hyndman, Rob J and Athanasopoulos, George},
  year={2018},
  publisher={OTexts}
}

@misc{prophet,
title = {{Prophet}},
note = {on-line at: \url{https://facebook.github.io/prophet/}},
     author = {Facebook Open Source},
     year = {2021}
}

@misc{ml,
title = {{Mašinsko učenje - skripta}},
note = {on-line at: \url{http://ml.matf.bg.ac.rs/readings/ml.pdf}},
     author = {Mladen Nikolić, Anđelka Zečević},
     year = {2019}
}

@inproceedings{chen2016xgboost,
  title={Xgboost: A scalable tree boosting system},
  author={Chen, Tianqi and Guestrin, Carlos},
  booktitle={Proceedings of the 22nd acm sigkdd international conference on knowledge discovery and data mining},
  pages={785--794},
  year={2016}
}

@article{madabhavi2020covid,
  title={COVID-19: a review},
  author={Madabhavi, Irappa and Sarkar, Malay and Kadakol, Nagaveni},
  journal={Monaldi Archives for Chest Disease},
  volume={90},
  number={2},
  year={2020}
}

@phdthesis{pargent2019benchmark,
  title={A benchmark experiment on how to encode categorical features in predictive modeling},
  author={Pargent, Florian and Bischl, Bernd and Thomas, Janek},
  year={2019},
  school={M. Sc. Thesis, Ludwig-Maximilians--Universitat Munchen, pp12}
}